<?xml version="1.0" encoding="UTF-8"?><collection xmlns="http://www.loc.gov/MARC21/slim"><record><leader>00551nam--2200205-u-4500</leader><controlfield tag="001">000051590</controlfield><controlfield tag="002">20161230</controlfield><controlfield tag="005">20161230201049</controlfield><controlfield tag="008">080807s1000------------r-----000-0-eng-d</controlfield><datafield ind1=" " ind2=" " tag="020"><subfield code="a">978-1-4051-5658-5</subfield></datafield><datafield ind1=" " ind2=" " tag="040"><subfield code="a">IFIN-HH</subfield></datafield><datafield ind1=" " ind2=" " tag="080"><subfield code="a">574:572</subfield></datafield><datafield ind1="1" ind2=" " tag="100"><subfield code="a">Townsend, Colin R</subfield></datafield><datafield ind1="1" ind2="0" tag="245"><subfield code="a">Essentials of Ecology</subfield><subfield code="c">Colin R. Townsend; Michael Begon; John L. Harper</subfield></datafield><datafield ind1=" " ind2=" " tag="250"><subfield code="a">Third Edition</subfield></datafield><datafield ind1=" " ind2=" " tag="260"><subfield code="a">Malden</subfield><subfield code="b">Blackwell Publishing</subfield><subfield code="c">2008</subfield></datafield><datafield ind1=" " ind2=" " tag="300"><subfield code="a">510 p</subfield></datafield><datafield ind1="1" ind2=" " tag="700"><subfield code="a">Harper, John L</subfield></datafield><datafield ind1=" " ind2=" " tag="852"><subfield code="a">82102</subfield><subfield code="c">57</subfield></datafield><datafield ind1=" " ind2=" " tag="CAT"><subfield code="a">Sys</subfield><subfield code="c">20110411</subfield><subfield code="h">104447</subfield></datafield></record></collection>